<record><leader>00000cas a2200000 a 4500</leader><controlfield tag="001">33138259</controlfield><controlfield tag="008">950915d192119uufluwr ne      0    0eng c</controlfield><datafield ind1=" " ind2=" " tag="010"><subfield code="a">sn 95026694 </subfield></datafield><datafield ind1=" " ind2=" " tag="040"><subfield code="a">FUG</subfield><subfield code="b">eng</subfield><subfield code="c">FUG</subfield><subfield code="d">OCLCQ</subfield><subfield code="d">OCLCF</subfield><subfield code="d">OCLCO</subfield></datafield><datafield ind1=" " ind2=" " tag="012"><subfield code="i">9509</subfield></datafield><datafield ind1="1" ind2=" " tag="029"><subfield code="a">AU@</subfield><subfield code="b">000025891288</subfield></datafield><datafield ind1=" " ind2=" " tag="042"><subfield code="a">pcc</subfield></datafield><datafield ind1=" " ind2=" " tag="043"><subfield code="a">n-us-fl</subfield></datafield><datafield ind1="0" ind2="4" tag="245"><subfield code="a">The DeLand news and Volusia County record.</subfield></datafield><datafield ind1="3" ind2="0" tag="246"><subfield code="a">De Land news and Volusia County record</subfield></datafield><datafield ind1=" " ind2=" " tag="260"><subfield code="a">DeLand, Volusia County, Fla. :</subfield><subfield code="b">[s.n.]</subfield></datafield><datafield ind1=" " ind2=" " tag="300"><subfield code="a">v.</subfield></datafield><datafield ind1=" " ind2=" " tag="310"><subfield code="a">Weekly</subfield></datafield><datafield ind1="1" ind2=" " tag="362"><subfield code="a">Began Aug. 27, 1921.</subfield></datafield><datafield ind1=" " ind2=" " tag="588"><subfield code="a">Description based on: Vol. 24, no. 18 (Apr. 8, 1925).</subfield></datafield><datafield ind1=" " ind2="0" tag="651"><subfield code="a">De Land (Fla.)</subfield><subfield code="v">Newspapers.</subfield></datafield><datafield ind1=" " ind2="0" tag="651"><subfield code="a">Volusia County (Fla.)</subfield><subfield code="v">Newspapers.</subfield></datafield><datafield ind1=" " ind2="7" tag="655"><subfield code="a">Newspapers.</subfield><subfield code="2">fast</subfield><subfield code="0">(OCoLC)fst01423814</subfield></datafield><datafield ind1=" " ind2="7" tag="651"><subfield code="a">Florida</subfield><subfield code="z">De Land.</subfield><subfield code="2">fast</subfield><subfield code="0">(OCoLC)fst01202816</subfield></datafield><datafield ind1=" " ind2="7" tag="651"><subfield code="a">Florida</subfield><subfield code="z">Volusia County.</subfield><subfield code="2">fast</subfield><subfield code="0">(OCoLC)fst01204998</subfield></datafield><datafield ind1=" " ind2=" " tag="752"><subfield code="a">United States</subfield><subfield code="b">Florida</subfield><subfield code="c">Volusia</subfield><subfield code="d">De Land.</subfield></datafield><datafield ind1="0" ind2=" " tag="775"><subfield code="t">DeLand daily news</subfield><subfield code="w">(DLC)sn 86063009</subfield><subfield code="w">(OCoLC)13002025</subfield></datafield><datafield ind1="0" ind2="4" tag="780"><subfield code="t">DeLand news</subfield><subfield code="w">(DLC)sn 92062121</subfield><subfield code="w">(OCoLC)1699436</subfield></datafield><datafield ind1="0" ind2="4" tag="780"><subfield code="t">Volusia County record (De Land, Fla. : 1888)</subfield><subfield code="w">(DLC)sn 95026693</subfield><subfield code="w">(OCoLC)33138258</subfield></datafield><datafield ind1=" " ind2=" " tag="850"><subfield code="a">FU</subfield></datafield></record>